
@misc{mongodb,
	title={The MongoDB 3.4 Manual},
    year={2008-2017},
	url={https://docs.mongodb.com/manual/},
    publisher={MongoDB, Inc.}
}

@book{chodorow2013mongodb,
    title={MongoDB: The definitive guide},
    author={Chodorow, Kristina},
    year={2013},
    publisher={O'Reilly Media, Inc.}
}